<?xml version="1.0" encoding="UTF-8"?><collection xmlns="http://www.loc.gov/MARC21/slim"><record><leader>00561nam--2200205-i-4500</leader><controlfield tag="001">000014169</controlfield><controlfield tag="002">20161230</controlfield><controlfield tag="005">20161230201030</controlfield><controlfield tag="008">060222s1000------------r-----000-0-eng-d</controlfield><datafield ind1=" " ind2=" " tag="020"><subfield code="a">0306408635</subfield></datafield><datafield ind1=" " ind2=" " tag="040"><subfield code="a">IFIN-HH</subfield></datafield><datafield ind1=" " ind2=" " tag="080"><subfield code="a">535.8:621.3.049.772.2:621.3.049.77</subfield></datafield><datafield ind1="1" ind2=" " tag="100"><subfield code="a">Brodie, Ivor</subfield></datafield><datafield ind1="1" ind2="0" tag="245"><subfield code="a">The physics of microfabrication</subfield><subfield code="c">Ivor brodie; julius j. muray</subfield></datafield><datafield ind1=" " ind2=" " tag="260"><subfield code="a">LONDON</subfield><subfield code="b">Plenum Press</subfield><subfield code="c">1982</subfield></datafield><datafield ind1=" " ind2=" " tag="300"><subfield code="a">XIX + 503 P</subfield></datafield><datafield ind1=" " ind2="0" tag="650"><subfield code="a">Thin-film Circuits</subfield></datafield><datafield ind1="1" ind2=" " tag="700"><subfield code="a">Muray, Julius J</subfield></datafield><datafield ind1=" " ind2=" " tag="852"><subfield code="a">70207</subfield><subfield code="c">535</subfield></datafield><datafield ind1=" " ind2=" " tag="CAT"><subfield code="a">Sys</subfield><subfield code="c">20101124</subfield><subfield code="h">134153</subfield></datafield></record></collection>